<?xml version="1.0" encoding="UTF-8"?><record xmlns="http://www.loc.gov/MARC21/slim" xmlns:cinclude="http://apache.org/cocoon/include/1.0" xmlns:zs="http://www.loc.gov/zing/srw/">
  <leader>00515cz  a2200157n  4500</leader>
  <controlfield tag="001">no 93007685 </controlfield>
  <controlfield tag="003">DLC</controlfield>
  <controlfield tag="008">930317n| acannaabn          |a aaa     c</controlfield>
  <controlfield tag="005">19991208071856.0</controlfield>
  <datafield tag="010" ind1=" " ind2=" ">
    <subfield code="a">no 93007685 </subfield>
  </datafield>
  <datafield tag="035" ind1=" " ind2=" ">
    <subfield code="a">(OCoLC)oca03338730</subfield>
  </datafield>
  <datafield tag="040" ind1=" " ind2=" ">
    <subfield code="a">Mt</subfield>
    <subfield code="c">Mt</subfield>
    <subfield code="d">WyU</subfield>
  </datafield>
  <datafield tag="100" ind1="1" ind2=" ">
    <subfield code="a">Shovic, Henry F.</subfield>
    <subfield code="q">(Henry Folke),</subfield>
    <subfield code="d">1950-</subfield>
  </datafield>
  <datafield tag="400" ind1="1" ind2=" ">
    <subfield code="a">Shovic, Henry Folke,</subfield>
    <subfield code="d">1950-</subfield>
  </datafield>
  <datafield tag="670" ind1=" " ind2=" ">
    <subfield code="a">Davis, C.E. Soil survey of the Gallatin Forest area, 1984:</subfield>
    <subfield code="b">t.p. (Henry F. Shovic)</subfield>
  </datafield>
  <datafield tag="670" ind1=" " ind2=" ">
    <subfield code="a">WLN data base, 3-16-93</subfield>
    <subfield code="b">(hdg.: Shovic, Henry Folke, 1950-)</subfield>
  </datafield>
</record>